@book{Knoll,
  title={Radiation Detection and Measurement},
  author={Knoll, Glenn},
  pages={434--436},
  year={1999},
  publisher={John Wiley \& Sons, Inc.}
}
@article{jordanov1994digital,
  title={Digital synthesis of pulse shapes in real time for high resolution radiation spectroscopy},
  author={Jordanov, Valentin T and Knoll, Glenn F},
  journal={Nuclear Instruments and Methods in Physics Research Section A: Accelerators, Spectrometers, Detectors and Associated Equipment},
  volume={345},
  number={2},
  pages={337--345},
  year={1994},
  publisher={Elsevier}
}
